%YAML 1.1
%TAG !u! tag:unity3d.com,2011:
--- !u!29 &1
OcclusionCullingSettings:
  m_ObjectHideFlags: 0
  serializedVersion: 2
  m_OcclusionBakeSettings:
    smallestOccluder: 5
    smallestHole: 0.25
    backfaceThreshold: 100
  m_SceneGUID: 00000000000000000000000000000000
  m_OcclusionCullingData: {fileID: 0}
--- !u!104 &2
RenderSettings:
  m_ObjectHideFlags: 0
  serializedVersion: 9
  m_Fog: 0
  m_FogColor: {r: 0.5, g: 0.5, b: 0.5, a: 1}
  m_FogMode: 3
  m_FogDensity: 0.01
  m_LinearFogStart: 0
  m_LinearFogEnd: 300
  m_AmbientSkyColor: {r: 0.212, g: 0.227, b: 0.259, a: 1}
  m_AmbientEquatorColor: {r: 0.114, g: 0.125, b: 0.133, a: 1}
  m_AmbientGroundColor: {r: 0.047, g: 0.043, b: 0.035, a: 1}
  m_AmbientIntensity: 1
  m_AmbientMode: 0
  m_SubtractiveShadowColor: {r: 0.42, g: 0.478, b: 0.627, a: 1}
  m_SkyboxMaterial: {fileID: 10304, guid: 0000000000000000f000000000000000, type: 0}
  m_HaloStrength: 0.5
  m_FlareStrength: 1
  m_FlareFadeSpeed: 3
  m_HaloTexture: {fileID: 0}
  m_SpotCookie: {fileID: 10001, guid: 0000000000000000e000000000000000, type: 0}
  m_DefaultReflectionMode: 0
  m_DefaultReflectionResolution: 128
  m_ReflectionBounces: 1
  m_ReflectionIntensity: 1
  m_CustomReflection: {fileID: 0}
  m_Sun: {fileID: 170076734}
  m_IndirectSpecularColor: {r: 0.44657993, g: 0.49641424, b: 0.57481825, a: 1}
  m_UseRadianceAmbientProbe: 0
--- !u!157 &3
LightmapSettings:
  m_ObjectHideFlags: 0
  serializedVersion: 11
  m_GIWorkflowMode: 0
  m_GISettings:
    serializedVersion: 2
    m_BounceScale: 1
    m_IndirectOutputScale: 1
    m_AlbedoBoost: 1
    m_EnvironmentLightingMode: 0
    m_EnableBakedLightmaps: 1
    m_EnableRealtimeLightmaps: 0
  m_LightmapEditorSettings:
    serializedVersion: 10
    m_Resolution: 2
    m_BakeResolution: 10
    m_AtlasSize: 512
    m_AO: 0
    m_AOMaxDistance: 1
    m_CompAOExponent: 1
    m_CompAOExponentDirect: 0
    m_Padding: 2
    m_LightmapParameters: {fileID: 0}
    m_LightmapsBakeMode: 1
    m_TextureCompression: 1
    m_FinalGather: 0
    m_FinalGatherFiltering: 1
    m_FinalGatherRayCount: 256
    m_ReflectionCompression: 2
    m_MixedBakeMode: 2
    m_BakeBackend: 1
    m_PVRSampling: 1
    m_PVRDirectSampleCount: 32
    m_PVRSampleCount: 256
    m_PVRBounces: 2
    m_PVRFilterTypeDirect: 0
    m_PVRFilterTypeIndirect: 0
    m_PVRFilterTypeAO: 0
    m_PVRFilteringMode: 1
    m_PVRCulling: 1
    m_PVRFilteringGaussRadiusDirect: 1
    m_PVRFilteringGaussRadiusIndirect: 5
    m_PVRFilteringGaussRadiusAO: 2
    m_PVRFilteringAtrousPositionSigmaDirect: 0.5
    m_PVRFilteringAtrousPositionSigmaIndirect: 2
    m_PVRFilteringAtrousPositionSigmaAO: 1
    m_ShowResolutionOverlay: 1
  m_LightingDataAsset: {fileID: 0}
  m_UseShadowmask: 1
--- !u!196 &4
NavMeshSettings:
  serializedVersion: 2
  m_ObjectHideFlags: 0
  m_BuildSettings:
    serializedVersion: 2
    agentTypeID: 0
    agentRadius: 0.5
    agentHeight: 2
    agentSlope: 45
    agentClimb: 0.4
    ledgeDropHeight: 0
    maxJumpAcrossDistance: 0
    minRegionArea: 2
    manualCellSize: 0
    cellSize: 0.16666667
    manualTileSize: 0
    tileSize: 256
    accuratePlacement: 0
    debug:
      m_Flags: 0
  m_NavMeshData: {fileID: 0}
--- !u!4 &20326739 stripped
Transform:
  m_CorrespondingSourceObject: {fileID: 3589131986376374027, guid: ba514dd2cb0f1b04baa412c0cc75c01f,
    type: 3}
  m_PrefabInstance: {fileID: 1363688685}
  m_PrefabAsset: {fileID: 0}
--- !u!1 &68098061
GameObject:
  m_ObjectHideFlags: 0
  m_CorrespondingSourceObject: {fileID: 0}
  m_PrefabInstance: {fileID: 0}
  m_PrefabAsset: {fileID: 0}
  serializedVersion: 6
  m_Component:
  - component: {fileID: 68098065}
  - component: {fileID: 68098064}
  - component: {fileID: 68098063}
  - component: {fileID: 68098062}
  m_Layer: 0
  m_Name: Ground
  m_TagString: Untagged
  m_Icon: {fileID: 0}
  m_NavMeshLayer: 0
  m_StaticEditorFlags: 0
  m_IsActive: 1
--- !u!64 &68098062
MeshCollider:
  m_ObjectHideFlags: 0
  m_CorrespondingSourceObject: {fileID: 0}
  m_PrefabInstance: {fileID: 0}
  m_PrefabAsset: {fileID: 0}
  m_GameObject: {fileID: 68098061}
  m_Material: {fileID: 0}
  m_IsTrigger: 0
  m_Enabled: 1
  serializedVersion: 3
  m_Convex: 0
  m_CookingOptions: 14
  m_Mesh: {fileID: 10209, guid: 0000000000000000e000000000000000, type: 0}
--- !u!23 &68098063
MeshRenderer:
  m_ObjectHideFlags: 0
  m_CorrespondingSourceObject: {fileID: 0}
  m_PrefabInstance: {fileID: 0}
  m_PrefabAsset: {fileID: 0}
  m_GameObject: {fileID: 68098061}
  m_Enabled: 1
  m_CastShadows: 1
  m_ReceiveShadows: 1
  m_DynamicOccludee: 1
  m_MotionVectors: 1
  m_LightProbeUsage: 1
  m_ReflectionProbeUsage: 1
  m_RenderingLayerMask: 1
  m_RendererPriority: 0
  m_Materials:
  - {fileID: 2100000, guid: 62278e19f0514d047875d8f7a99f44df, type: 2}
  m_StaticBatchInfo:
    firstSubMesh: 0
    subMeshCount: 0
  m_StaticBatchRoot: {fileID: 0}
  m_ProbeAnchor: {fileID: 0}
  m_LightProbeVolumeOverride: {fileID: 0}
  m_ScaleInLightmap: 1
  m_PreserveUVs: 0
  m_IgnoreNormalsForChartDetection: 0
  m_ImportantGI: 0
  m_StitchLightmapSeams: 0
  m_SelectedEditorRenderState: 3
  m_MinimumChartSize: 4
  m_AutoUVMaxDistance: 0.5
  m_AutoUVMaxAngle: 89
  m_LightmapParameters: {fileID: 0}
  m_SortingLayerID: 0
  m_SortingLayer: 0
  m_SortingOrder: 0
--- !u!33 &68098064
MeshFilter:
  m_ObjectHideFlags: 0
  m_CorrespondingSourceObject: {fileID: 0}
  m_PrefabInstance: {fileID: 0}
  m_PrefabAsset: {fileID: 0}
  m_GameObject: {fileID: 68098061}
  m_Mesh: {fileID: 10209, guid: 0000000000000000e000000000000000, type: 0}
--- !u!4 &68098065
Transform:
  m_ObjectHideFlags: 0
  m_CorrespondingSourceObject: {fileID: 0}
  m_PrefabInstance: {fileID: 0}
  m_PrefabAsset: {fileID: 0}
  m_GameObject: {fileID: 68098061}
  m_LocalRotation: {x: 0, y: 0, z: 0, w: 1}
  m_LocalPosition: {x: 0, y: 0, z: 0}
  m_LocalScale: {x: 2, y: 1, z: 2}
  m_Children: []
  m_Father: {fileID: 0}
  m_RootOrder: 2
  m_LocalEulerAnglesHint: {x: 0, y: 0, z: 0}
--- !u!1 &170076733
GameObject:
  m_ObjectHideFlags: 0
  m_CorrespondingSourceObject: {fileID: 0}
  m_PrefabInstance: {fileID: 0}
  m_PrefabAsset: {fileID: 0}
  serializedVersion: 6
  m_Component:
  - component: {fileID: 170076735}
  - component: {fileID: 170076734}
  m_Layer: 0
  m_Name: Directional Light
  m_TagString: Untagged
  m_Icon: {fileID: 0}
  m_NavMeshLayer: 0
  m_StaticEditorFlags: 0
  m_IsActive: 1
--- !u!108 &170076734
Light:
  m_ObjectHideFlags: 0
  m_CorrespondingSourceObject: {fileID: 0}
  m_PrefabInstance: {fileID: 0}
  m_PrefabAsset: {fileID: 0}
  m_GameObject: {fileID: 170076733}
  m_Enabled: 1
  serializedVersion: 8
  m_Type: 1
  m_Color: {r: 1, g: 0.95686275, b: 0.8392157, a: 1}
  m_Intensity: 1
  m_Range: 10
  m_SpotAngle: 30
  m_CookieSize: 10
  m_Shadows:
    m_Type: 2
    m_Resolution: -1
    m_CustomResolution: -1
    m_Strength: 1
    m_Bias: 0.05
    m_NormalBias: 0.4
    m_NearPlane: 0.2
  m_Cookie: {fileID: 0}
  m_DrawHalo: 0
  m_Flare: {fileID: 0}
  m_RenderMode: 0
  m_CullingMask:
    serializedVersion: 2
    m_Bits: 4294967295
  m_Lightmapping: 1
  m_LightShadowCasterMode: 0
  m_AreaSize: {x: 1, y: 1}
  m_BounceIntensity: 1
  m_ColorTemperature: 6570
  m_UseColorTemperature: 0
  m_ShadowRadius: 0
  m_ShadowAngle: 0
--- !u!4 &170076735
Transform:
  m_ObjectHideFlags: 0
  m_CorrespondingSourceObject: {fileID: 0}
  m_PrefabInstance: {fileID: 0}
  m_PrefabAsset: {fileID: 0}
  m_GameObject: {fileID: 170076733}
  m_LocalRotation: {x: 0.36599812, y: 0.45315394, z: -0.2113091, w: 0.78488564}
  m_LocalPosition: {x: 0, y: 3, z: 0}
  m_LocalScale: {x: 1, y: 1, z: 1}
  m_Children: []
  m_Father: {fileID: 0}
  m_RootOrder: 1
  m_LocalEulerAnglesHint: {x: 50, y: 60, z: 0}
--- !u!1 &232395616
GameObject:
  m_ObjectHideFlags: 0
  m_CorrespondingSourceObject: {fileID: 0}
  m_PrefabInstance: {fileID: 0}
  m_PrefabAsset: {fileID: 0}
  serializedVersion: 6
  m_Component:
  - component: {fileID: 232395617}
  m_Layer: 0
  m_Name: Pick Ups
  m_TagString: Untagged
  m_Icon: {fileID: 0}
  m_NavMeshLayer: 0
  m_StaticEditorFlags: 0
  m_IsActive: 1
--- !u!4 &232395617
Transform:
  m_ObjectHideFlags: 0
  m_CorrespondingSourceObject: {fileID: 0}
  m_PrefabInstance: {fileID: 0}
  m_PrefabAsset: {fileID: 0}
  m_GameObject: {fileID: 232395616}
  m_LocalRotation: {x: 0, y: 0, z: 0, w: 1}
  m_LocalPosition: {x: 0, y: 0, z: 0}
  m_LocalScale: {x: 1, y: 1, z: 1}
  m_Children:
  - {fileID: 1574806795}
  - {fileID: 1208320199}
  - {fileID: 741959676}
  - {fileID: 1103575364}
  - {fileID: 20326739}
  - {fileID: 859970349}
  - {fileID: 1662016001}
  - {fileID: 1339751230}
  - {fileID: 462717782}
  - {fileID: 615229679}
  - {fileID: 1383411845}
  - {fileID: 2144515047}
  m_Father: {fileID: 0}
  m_RootOrder: 5
  m_LocalEulerAnglesHint: {x: 0, y: 0, z: 0}
--- !u!1 &271949317
GameObject:
  m_ObjectHideFlags: 0
  m_CorrespondingSourceObject: {fileID: 0}
  m_PrefabInstance: {fileID: 0}
  m_PrefabAsset: {fileID: 0}
  serializedVersion: 6
  m_Component:
  - component: {fileID: 271949321}
  - component: {fileID: 271949320}
  - component: {fileID: 271949319}
  - component: {fileID: 271949323}
  - component: {fileID: 271949318}
  - component: {fileID: 271949322}
  m_Layer: 0
  m_Name: Player
  m_TagString: Untagged
  m_Icon: {fileID: 0}
  m_NavMeshLayer: 0
  m_StaticEditorFlags: 0
  m_IsActive: 1
--- !u!135 &271949318
SphereCollider:
  m_ObjectHideFlags: 0
  m_CorrespondingSourceObject: {fileID: 0}
  m_PrefabInstance: {fileID: 0}
  m_PrefabAsset: {fileID: 0}
  m_GameObject: {fileID: 271949317}
  m_Material: {fileID: 0}
  m_IsTrigger: 0
  m_Enabled: 1
  serializedVersion: 2
  m_Radius: 0.5
  m_Center: {x: 0, y: 0, z: 0}
--- !u!23 &271949319
MeshRenderer:
  m_ObjectHideFlags: 0
  m_CorrespondingSourceObject: {fileID: 0}
  m_PrefabInstance: {fileID: 0}
  m_PrefabAsset: {fileID: 0}
  m_GameObject: {fileID: 271949317}
  m_Enabled: 1
  m_CastShadows: 1
  m_ReceiveShadows: 1
  m_DynamicOccludee: 1
  m_MotionVectors: 1
  m_LightProbeUsage: 1
  m_ReflectionProbeUsage: 1
  m_RenderingLayerMask: 1
  m_RendererPriority: 0
  m_Materials:
  - {fileID: 10303, guid: 0000000000000000f000000000000000, type: 0}
  m_StaticBatchInfo:
    firstSubMesh: 0
    subMeshCount: 0
  m_StaticBatchRoot: {fileID: 0}
  m_ProbeAnchor: {fileID: 0}
  m_LightProbeVolumeOverride: {fileID: 0}
  m_ScaleInLightmap: 1
  m_PreserveUVs: 0
  m_IgnoreNormalsForChartDetection: 0
  m_ImportantGI: 0
  m_StitchLightmapSeams: 0
  m_SelectedEditorRenderState: 3
  m_MinimumChartSize: 4
  m_AutoUVMaxDistance: 0.5
  m_AutoUVMaxAngle: 89
  m_LightmapParameters: {fileID: 0}
  m_SortingLayerID: 0
  m_SortingLayer: 0
  m_SortingOrder: 0
--- !u!33 &271949320
MeshFilter:
  m_ObjectHideFlags: 0
  m_CorrespondingSourceObject: {fileID: 0}
  m_PrefabInstance: {fileID: 0}
  m_PrefabAsset: {fileID: 0}
  m_GameObject: {fileID: 271949317}
  m_Mesh: {fileID: 10207, guid: 0000000000000000e000000000000000, type: 0}
--- !u!4 &271949321
Transform:
  m_ObjectHideFlags: 0
  m_CorrespondingSourceObject: {fileID: 0}
  m_PrefabInstance: {fileID: 0}
  m_PrefabAsset: {fileID: 0}
  m_GameObject: {fileID: 271949317}
  m_LocalRotation: {x: 0, y: 0, z: 0, w: 1}
  m_LocalPosition: {x: 0, y: 0.5, z: 0}
  m_LocalScale: {x: 1, y: 1, z: 1}
  m_Children: []
  m_Father: {fileID: 0}
  m_RootOrder: 3
  m_LocalEulerAnglesHint: {x: 0, y: 0, z: 0}
--- !u!114 &271949322
MonoBehaviour:
  m_ObjectHideFlags: 0
  m_CorrespondingSourceObject: {fileID: 0}
  m_PrefabInstance: {fileID: 0}
  m_PrefabAsset: {fileID: 0}
  m_GameObject: {fileID: 271949317}
  m_Enabled: 1
  m_EditorHideFlags: 0
  m_Script: {fileID: 11500000, guid: cbe80364669de0240a5d9dce8db63456, type: 3}
  m_Name: 
  m_EditorClassIdentifier: 
  speed: 10
  countText: {fileID: 1230566622}
  winText: {fileID: 646419374}
--- !u!54 &271949323
Rigidbody:
  m_ObjectHideFlags: 0
  m_CorrespondingSourceObject: {fileID: 0}
  m_PrefabInstance: {fileID: 0}
  m_PrefabAsset: {fileID: 0}
  m_GameObject: {fileID: 271949317}
  serializedVersion: 2
  m_Mass: 1
  m_Drag: 0
  m_AngularDrag: 0.05
  m_UseGravity: 1
  m_IsKinematic: 0
  m_Interpolate: 0
  m_Constraints: 0
  m_CollisionDetection: 0
--- !u!1001 &288019914
PrefabInstance:
  m_ObjectHideFlags: 0
  serializedVersion: 2
  m_Modification:
    m_TransformParent: {fileID: 232395617}
    m_Modifications:
    - target: {fileID: 3589131986376374022, guid: ba514dd2cb0f1b04baa412c0cc75c01f,
        type: 3}
      propertyPath: m_Name
      value: Pick Up (9)
      objectReference: {fileID: 0}
    - target: {fileID: 3589131986376374025, guid: ba514dd2cb0f1b04baa412c0cc75c01f,
        type: 3}
      propertyPath: m_Materials.Array.data[0]
      value: 
      objectReference: {fileID: 2100000, guid: 1b25a8dff0be70f4d9309d8631fc9c4c, type: 2}
    - target: {fileID: 3589131986376374027, guid: ba514dd2cb0f1b04baa412c0cc75c01f,
        type: 3}
      propertyPath: m_LocalPosition.x
      value: -5.39
      objectReference: {fileID: 0}
    - target: {fileID: 3589131986376374027, guid: ba514dd2cb0f1b04baa412c0cc75c01f,
        type: 3}
      propertyPath: m_LocalPosition.y
      value: 0.5
      objectReference: {fileID: 0}
    - target: {fileID: 3589131986376374027, guid: ba514dd2cb0f1b04baa412c0cc75c01f,
        type: 3}
      propertyPath: m_LocalPosition.z
      value: 2.09
      objectReference: {fileID: 0}
    - target: {fileID: 3589131986376374027, guid: ba514dd2cb0f1b04baa412c0cc75c01f,
        type: 3}
      propertyPath: m_LocalRotation.x
      value: 0.46193978
      objectReference: {fileID: 0}
    - target: {fileID: 3589131986376374027, guid: ba514dd2cb0f1b04baa412c0cc75c01f,
        type: 3}
      propertyPath: m_LocalRotation.y
      value: 0.19134173
      objectReference: {fileID: 0}
    - target: {fileID: 3589131986376374027, guid: ba514dd2cb0f1b04baa412c0cc75c01f,
        type: 3}
      propertyPath: m_LocalRotation.z
      value: 0.19134173
      objectReference: {fileID: 0}
    - target: {fileID: 3589131986376374027, guid: ba514dd2cb0f1b04baa412c0cc75c01f,
        type: 3}
      propertyPath: m_LocalRotation.w
      value: 0.84462327
      objectReference: {fileID: 0}
    - target: {fileID: 3589131986376374027, guid: ba514dd2cb0f1b04baa412c0cc75c01f,
        type: 3}
      propertyPath: m_RootOrder
      value: 9
      objectReference: {fileID: 0}
    - target: {fileID: 3589131986376374027, guid: ba514dd2cb0f1b04baa412c0cc75c01f,
        type: 3}
      propertyPath: m_LocalEulerAnglesHint.x
      value: 45
      objectReference: {fileID: 0}
    - target: {fileID: 3589131986376374027, guid: ba514dd2cb0f1b04baa412c0cc75c01f,
        type: 3}
      propertyPath: m_LocalEulerAnglesHint.y
      value: 45
      objectReference: {fileID: 0}
    - target: {fileID: 3589131986376374027, guid: ba514dd2cb0f1b04baa412c0cc75c01f,
        type: 3}
      propertyPath: m_LocalEulerAnglesHint.z
      value: 45
      objectReference: {fileID: 0}
    - target: {fileID: 3589131986376374027, guid: ba514dd2cb0f1b04baa412c0cc75c01f,
        type: 3}
      propertyPath: m_LocalScale.y
      value: 0.50000006
      objectReference: {fileID: 0}
    - target: {fileID: 3589131986376374027, guid: ba514dd2cb0f1b04baa412c0cc75c01f,
        type: 3}
      propertyPath: m_LocalScale.z
      value: 0.50000024
      objectReference: {fileID: 0}
    m_RemovedComponents: []
  m_SourcePrefab: {fileID: 100100000, guid: ba514dd2cb0f1b04baa412c0cc75c01f, type: 3}
--- !u!1001 &325208797
PrefabInstance:
  m_ObjectHideFlags: 0
  serializedVersion: 2
  m_Modification:
    m_TransformParent: {fileID: 232395617}
    m_Modifications:
    - target: {fileID: 3589131986376374022, guid: ba514dd2cb0f1b04baa412c0cc75c01f,
        type: 3}
      propertyPath: m_Name
      value: Pick Up (2)
      objectReference: {fileID: 0}
    - target: {fileID: 3589131986376374025, guid: ba514dd2cb0f1b04baa412c0cc75c01f,
        type: 3}
      propertyPath: m_Materials.Array.data[0]
      value: 
      objectReference: {fileID: 2100000, guid: 1b25a8dff0be70f4d9309d8631fc9c4c, type: 2}
    - target: {fileID: 3589131986376374027, guid: ba514dd2cb0f1b04baa412c0cc75c01f,
        type: 3}
      propertyPath: m_LocalPosition.x
      value: 6.07
      objectReference: {fileID: 0}
    - target: {fileID: 3589131986376374027, guid: ba514dd2cb0f1b04baa412c0cc75c01f,
        type: 3}
      propertyPath: m_LocalPosition.y
      value: 0.5
      objectReference: {fileID: 0}
    - target: {fileID: 3589131986376374027, guid: ba514dd2cb0f1b04baa412c0cc75c01f,
        type: 3}
      propertyPath: m_LocalPosition.z
      value: 2.21
      objectReference: {fileID: 0}
    - target: {fileID: 3589131986376374027, guid: ba514dd2cb0f1b04baa412c0cc75c01f,
        type: 3}
      propertyPath: m_LocalRotation.x
      value: 0.46193978
      objectReference: {fileID: 0}
    - target: {fileID: 3589131986376374027, guid: ba514dd2cb0f1b04baa412c0cc75c01f,
        type: 3}
      propertyPath: m_LocalRotation.y
      value: 0.19134173
      objectReference: {fileID: 0}
    - target: {fileID: 3589131986376374027, guid: ba514dd2cb0f1b04baa412c0cc75c01f,
        type: 3}
      propertyPath: m_LocalRotation.z
      value: 0.19134173
      objectReference: {fileID: 0}
    - target: {fileID: 3589131986376374027, guid: ba514dd2cb0f1b04baa412c0cc75c01f,
        type: 3}
      propertyPath: m_LocalRotation.w
      value: 0.84462327
      objectReference: {fileID: 0}
    - target: {fileID: 3589131986376374027, guid: ba514dd2cb0f1b04baa412c0cc75c01f,
        type: 3}
      propertyPath: m_RootOrder
      value: 2
      objectReference: {fileID: 0}
    - target: {fileID: 3589131986376374027, guid: ba514dd2cb0f1b04baa412c0cc75c01f,
        type: 3}
      propertyPath: m_LocalEulerAnglesHint.x
      value: 45
      objectReference: {fileID: 0}
    - target: {fileID: 3589131986376374027, guid: ba514dd2cb0f1b04baa412c0cc75c01f,
        type: 3}
      propertyPath: m_LocalEulerAnglesHint.y
      value: 45
      objectReference: {fileID: 0}
    - target: {fileID: 3589131986376374027, guid: ba514dd2cb0f1b04baa412c0cc75c01f,
        type: 3}
      propertyPath: m_LocalEulerAnglesHint.z
      value: 45
      objectReference: {fileID: 0}
    - target: {fileID: 3589131986376374027, guid: ba514dd2cb0f1b04baa412c0cc75c01f,
        type: 3}
      propertyPath: m_LocalScale.y
      value: 0.50000006
      objectReference: {fileID: 0}
    - target: {fileID: 3589131986376374027, guid: ba514dd2cb0f1b04baa412c0cc75c01f,
        type: 3}
      propertyPath: m_LocalScale.z
      value: 0.50000024
      objectReference: {fileID: 0}
    m_RemovedComponents: []
  m_SourcePrefab: {fileID: 100100000, guid: ba514dd2cb0f1b04baa412c0cc75c01f, type: 3}
--- !u!1 &411302787
GameObject:
  m_ObjectHideFlags: 0
  m_CorrespondingSourceObject: {fileID: 0}
  m_PrefabInstance: {fileID: 0}
  m_PrefabAsset: {fileID: 0}
  serializedVersion: 6
  m_Component:
  - component: {fileID: 411302791}
  - component: {fileID: 411302790}
  - component: {fileID: 411302789}
  - component: {fileID: 411302788}
  m_Layer: 5
  m_Name: Canvas
  m_TagString: Untagged
  m_Icon: {fileID: 0}
  m_NavMeshLayer: 0
  m_StaticEditorFlags: 0
  m_IsActive: 1
--- !u!114 &411302788
MonoBehaviour:
  m_ObjectHideFlags: 0
  m_CorrespondingSourceObject: {fileID: 0}
  m_PrefabInstance: {fileID: 0}
  m_PrefabAsset: {fileID: 0}
  m_GameObject: {fileID: 411302787}
  m_Enabled: 1
  m_EditorHideFlags: 0
  m_Script: {fileID: 1301386320, guid: f70555f144d8491a825f0804e09c671c, type: 3}
  m_Name: 
  m_EditorClassIdentifier: 
  m_IgnoreReversedGraphics: 1
  m_BlockingObjects: 0
  m_BlockingMask:
    serializedVersion: 2
    m_Bits: 4294967295
--- !u!114 &411302789
MonoBehaviour:
  m_ObjectHideFlags: 0
  m_CorrespondingSourceObject: {fileID: 0}
  m_PrefabInstance: {fileID: 0}
  m_PrefabAsset: {fileID: 0}
  m_GameObject: {fileID: 411302787}
  m_Enabled: 1
  m_EditorHideFlags: 0
  m_Script: {fileID: 1980459831, guid: f70555f144d8491a825f0804e09c671c, type: 3}
  m_Name: 
  m_EditorClassIdentifier: 
  m_UiScaleMode: 0
  m_ReferencePixelsPerUnit: 100
  m_ScaleFactor: 1
  m_ReferenceResolution: {x: 800, y: 600}
  m_ScreenMatchMode: 0
  m_MatchWidthOrHeight: 0
  m_PhysicalUnit: 3
  m_FallbackScreenDPI: 96
  m_DefaultSpriteDPI: 96
  m_DynamicPixelsPerUnit: 1
--- !u!223 &411302790
Canvas:
  m_ObjectHideFlags: 0
  m_CorrespondingSourceObject: {fileID: 0}
  m_PrefabInstance: {fileID: 0}
  m_PrefabAsset: {fileID: 0}
  m_GameObject: {fileID: 411302787}
  m_Enabled: 1
  serializedVersion: 3
  m_RenderMode: 0
  m_Camera: {fileID: 0}
  m_PlaneDistance: 100
  m_PixelPerfect: 0
  m_ReceivesEvents: 1
  m_OverrideSorting: 0
  m_OverridePixelPerfect: 0
  m_SortingBucketNormalizedSize: 0
  m_AdditionalShaderChannelsFlag: 0
  m_SortingLayerID: 0
  m_SortingOrder: 0
  m_TargetDisplay: 0
--- !u!224 &411302791
RectTransform:
  m_ObjectHideFlags: 0
  m_CorrespondingSourceObject: {fileID: 0}
  m_PrefabInstance: {fileID: 0}
  m_PrefabAsset: {fileID: 0}
  m_GameObject: {fileID: 411302787}
  m_LocalRotation: {x: 0, y: 0, z: 0, w: 1}
  m_LocalPosition: {x: 0, y: 0, z: 0}
  m_LocalScale: {x: 0, y: 0, z: 0}
  m_Children:
  - {fileID: 1230566621}
  - {fileID: 646419373}
  m_Father: {fileID: 0}
  m_RootOrder: 6
  m_LocalEulerAnglesHint: {x: 0, y: 0, z: 0}
  m_AnchorMin: {x: 0, y: 0}
  m_AnchorMax: {x: 0, y: 0}
  m_AnchoredPosition: {x: 0, y: 0}
  m_SizeDelta: {x: 0, y: 0}
  m_Pivot: {x: 0, y: 0}
--- !u!4 &462717782 stripped
Transform:
  m_CorrespondingSourceObject: {fileID: 3589131986376374027, guid: ba514dd2cb0f1b04baa412c0cc75c01f,
    type: 3}
  m_PrefabInstance: {fileID: 1212381653}
  m_PrefabAsset: {fileID: 0}
--- !u!1 &534669902
GameObject:
  m_ObjectHideFlags: 0
  m_CorrespondingSourceObject: {fileID: 0}
  m_PrefabInstance: {fileID: 0}
  m_PrefabAsset: {fileID: 0}
  serializedVersion: 6
  m_Component:
  - component: {fileID: 534669905}
  - component: {fileID: 534669904}
  - component: {fileID: 534669903}
  - component: {fileID: 534669906}
  m_Layer: 0
  m_Name: Main Camera
  m_TagString: MainCamera
  m_Icon: {fileID: 0}
  m_NavMeshLayer: 0
  m_StaticEditorFlags: 0
  m_IsActive: 1
--- !u!81 &534669903
AudioListener:
  m_ObjectHideFlags: 0
  m_CorrespondingSourceObject: {fileID: 0}
  m_PrefabInstance: {fileID: 0}
  m_PrefabAsset: {fileID: 0}
  m_GameObject: {fileID: 534669902}
  m_Enabled: 1
--- !u!20 &534669904
Camera:
  m_ObjectHideFlags: 0
  m_CorrespondingSourceObject: {fileID: 0}
  m_PrefabInstance: {fileID: 0}
  m_PrefabAsset: {fileID: 0}
  m_GameObject: {fileID: 534669902}
  m_Enabled: 1
  serializedVersion: 2
  m_ClearFlags: 1
  m_BackGroundColor: {r: 0.19215687, g: 0.3019608, b: 0.4745098, a: 0}
  m_projectionMatrixMode: 1
  m_SensorSize: {x: 36, y: 24}
  m_LensShift: {x: 0, y: 0}
  m_GateFitMode: 2
  m_FocalLength: 50
  m_NormalizedViewPortRect:
    serializedVersion: 2
    x: 0
    y: 0
    width: 1
    height: 1
  near clip plane: 0.3
  far clip plane: 1000
  field of view: 60
  orthographic: 0
  orthographic size: 5
  m_Depth: -1
  m_CullingMask:
    serializedVersion: 2
    m_Bits: 4294967295
  m_RenderingPath: -1
  m_TargetTexture: {fileID: 0}
  m_TargetDisplay: 0
  m_TargetEye: 3
  m_HDR: 1
  m_AllowMSAA: 1
  m_AllowDynamicResolution: 0
  m_ForceIntoRT: 0
  m_OcclusionCulling: 1
  m_StereoConvergence: 10
  m_StereoSeparation: 0.022
--- !u!4 &534669905
Transform:
  m_ObjectHideFlags: 0
  m_CorrespondingSourceObject: {fileID: 0}
  m_PrefabInstance: {fileID: 0}
  m_PrefabAsset: {fileID: 0}
  m_GameObject: {fileID: 534669902}
  m_LocalRotation: {x: 0.38268343, y: -0, z: -0, w: 0.92387956}
  m_LocalPosition: {x: 0, y: 10, z: -10}
  m_LocalScale: {x: 1, y: 1.1250002, z: 1.1250002}
  m_Children: []
  m_Father: {fileID: 0}
  m_RootOrder: 0
  m_LocalEulerAnglesHint: {x: 45, y: 0, z: 0}
--- !u!114 &534669906
MonoBehaviour:
  m_ObjectHideFlags: 0
  m_CorrespondingSourceObject: {fileID: 0}
  m_PrefabInstance: {fileID: 0}
  m_PrefabAsset: {fileID: 0}
  m_GameObject: {fileID: 534669902}
  m_Enabled: 1
  m_EditorHideFlags: 0
  m_Script: {fileID: 11500000, guid: 08448a0c9ea72cc42a598c8e661d305e, type: 3}
  m_Name: 
  m_EditorClassIdentifier: 
  player: {fileID: 271949317}
--- !u!1 &613348561
GameObject:
  m_ObjectHideFlags: 0
  m_CorrespondingSourceObject: {fileID: 0}
  m_PrefabInstance: {fileID: 0}
  m_PrefabAsset: {fileID: 0}
  serializedVersion: 6
  m_Component:
  - component: {fileID: 613348562}
  - component: {fileID: 613348565}
  - component: {fileID: 613348564}
  - component: {fileID: 613348563}
  m_Layer: 0
  m_Name: East Wall
  m_TagString: Untagged
  m_Icon: {fileID: 0}
  m_NavMeshLayer: 0
  m_StaticEditorFlags: 0
  m_IsActive: 1
--- !u!4 &613348562
Transform:
  m_ObjectHideFlags: 0
  m_CorrespondingSourceObject: {fileID: 0}
  m_PrefabInstance: {fileID: 0}
  m_PrefabAsset: {fileID: 0}
  m_GameObject: {fileID: 613348561}
  m_LocalRotation: {x: -0, y: -0, z: -0, w: 1}
  m_LocalPosition: {x: 10, y: 0, z: 0}
  m_LocalScale: {x: 0.5, y: 2, z: 20.5}
  m_Children: []
  m_Father: {fileID: 1945046175}
  m_RootOrder: 1
  m_LocalEulerAnglesHint: {x: 0, y: 0, z: 0}
--- !u!65 &613348563
BoxCollider:
  m_ObjectHideFlags: 0
  m_CorrespondingSourceObject: {fileID: 0}
  m_PrefabInstance: {fileID: 0}
  m_PrefabAsset: {fileID: 0}
  m_GameObject: {fileID: 613348561}
  m_Material: {fileID: 0}
  m_IsTrigger: 0
  m_Enabled: 1
  serializedVersion: 2
  m_Size: {x: 1, y: 1, z: 1}
  m_Center: {x: 0, y: 0, z: 0}
--- !u!23 &613348564
MeshRenderer:
  m_ObjectHideFlags: 0
  m_CorrespondingSourceObject: {fileID: 0}
  m_PrefabInstance: {fileID: 0}
  m_PrefabAsset: {fileID: 0}
  m_GameObject: {fileID: 613348561}
  m_Enabled: 1
  m_CastShadows: 1
  m_ReceiveShadows: 1
  m_DynamicOccludee: 1
  m_MotionVectors: 1
  m_LightProbeUsage: 1
  m_ReflectionProbeUsage: 1
  m_RenderingLayerMask: 1
  m_RendererPriority: 0
  m_Materials:
  - {fileID: 10303, guid: 0000000000000000f000000000000000, type: 0}
  m_StaticBatchInfo:
    firstSubMesh: 0
    subMeshCount: 0
  m_StaticBatchRoot: {fileID: 0}
  m_ProbeAnchor: {fileID: 0}
  m_LightProbeVolumeOverride: {fileID: 0}
  m_ScaleInLightmap: 1
  m_PreserveUVs: 0
  m_IgnoreNormalsForChartDetection: 0
  m_ImportantGI: 0
  m_StitchLightmapSeams: 0
  m_SelectedEditorRenderState: 3
  m_MinimumChartSize: 4
  m_AutoUVMaxDistance: 0.5
  m_AutoUVMaxAngle: 89
  m_LightmapParameters: {fileID: 0}
  m_SortingLayerID: 0
  m_SortingLayer: 0
  m_SortingOrder: 0
--- !u!33 &613348565
MeshFilter:
  m_ObjectHideFlags: 0
  m_CorrespondingSourceObject: {fileID: 0}
  m_PrefabInstance: {fileID: 0}
  m_PrefabAsset: {fileID: 0}
  m_GameObject: {fileID: 613348561}
  m_Mesh: {fileID: 10202, guid: 0000000000000000e000000000000000, type: 0}
--- !u!4 &615229679 stripped
Transform:
  m_CorrespondingSourceObject: {fileID: 3589131986376374027, guid: ba514dd2cb0f1b04baa412c0cc75c01f,
    type: 3}
  m_PrefabInstance: {fileID: 288019914}
  m_PrefabAsset: {fileID: 0}
--- !u!1 &631481945
GameObject:
  m_ObjectHideFlags: 0
  m_CorrespondingSourceObject: {fileID: 0}
  m_PrefabInstance: {fileID: 0}
  m_PrefabAsset: {fileID: 0}
  serializedVersion: 6
  m_Component:
  - component: {fileID: 631481948}
  - component: {fileID: 631481947}
  - component: {fileID: 631481946}
  m_Layer: 0
  m_Name: EventSystem
  m_TagString: Untagged
  m_Icon: {fileID: 0}
  m_NavMeshLayer: 0
  m_StaticEditorFlags: 0
  m_IsActive: 1
--- !u!114 &631481946
MonoBehaviour:
  m_ObjectHideFlags: 0
  m_CorrespondingSourceObject: {fileID: 0}
  m_PrefabInstance: {fileID: 0}
  m_PrefabAsset: {fileID: 0}
  m_GameObject: {fileID: 631481945}
  m_Enabled: 1
  m_EditorHideFlags: 0
  m_Script: {fileID: 1077351063, guid: f70555f144d8491a825f0804e09c671c, type: 3}
  m_Name: 
  m_EditorClassIdentifier: 
  m_HorizontalAxis: Horizontal
  m_VerticalAxis: Vertical
  m_SubmitButton: Submit
  m_CancelButton: Cancel
  m_InputActionsPerSecond: 10
  m_RepeatDelay: 0.5
  m_ForceModuleActive: 0
--- !u!114 &631481947
MonoBehaviour:
  m_ObjectHideFlags: 0
  m_CorrespondingSourceObject: {fileID: 0}
  m_PrefabInstance: {fileID: 0}
  m_PrefabAsset: {fileID: 0}
  m_GameObject: {fileID: 631481945}
  m_Enabled: 1
  m_EditorHideFlags: 0
  m_Script: {fileID: -619905303, guid: f70555f144d8491a825f0804e09c671c, type: 3}
  m_Name: 
  m_EditorClassIdentifier: 
  m_FirstSelected: {fileID: 0}
  m_sendNavigationEvents: 1
  m_DragThreshold: 10
--- !u!4 &631481948
Transform:
  m_ObjectHideFlags: 0
  m_CorrespondingSourceObject: {fileID: 0}
  m_PrefabInstance: {fileID: 0}
  m_PrefabAsset: {fileID: 0}
  m_GameObject: {fileID: 631481945}
  m_LocalRotation: {x: 0, y: 0, z: 0, w: 1}
  m_LocalPosition: {x: 0, y: 0, z: 0}
  m_LocalScale: {x: 1, y: 1, z: 1}
  m_Children: []
  m_Father: {fileID: 0}
  m_RootOrder: 7
  m_LocalEulerAnglesHint: {x: 0, y: 0, z: 0}
--- !u!1 &646419372
GameObject:
  m_ObjectHideFlags: 0
  m_CorrespondingSourceObject: {fileID: 0}
  m_PrefabInstance: {fileID: 0}
  m_PrefabAsset: {fileID: 0}
  serializedVersion: 6
  m_Component:
  - component: {fileID: 646419373}
  - component: {fileID: 646419375}
  - component: {fileID: 646419374}
  m_Layer: 5
  m_Name: Win Text
  m_TagString: Untagged
  m_Icon: {fileID: 0}
  m_NavMeshLayer: 0
  m_StaticEditorFlags: 0
  m_IsActive: 1
--- !u!224 &646419373
RectTransform:
  m_ObjectHideFlags: 0
  m_CorrespondingSourceObject: {fileID: 0}
  m_PrefabInstance: {fileID: 0}
  m_PrefabAsset: {fileID: 0}
  m_GameObject: {fileID: 646419372}
  m_LocalRotation: {x: 0, y: 0, z: 0, w: 1}
  m_LocalPosition: {x: 0, y: 0, z: 0}
  m_LocalScale: {x: 1, y: 1, z: 1}
  m_Children: []
  m_Father: {fileID: 411302791}
  m_RootOrder: 1
  m_LocalEulerAnglesHint: {x: 0, y: 0, z: 0}
  m_AnchorMin: {x: 0.5, y: 0.5}
  m_AnchorMax: {x: 0.5, y: 0.5}
  m_AnchoredPosition: {x: 0, y: 75}
  m_SizeDelta: {x: 160, y: 30}
  m_Pivot: {x: 0.5, y: 0.5}
--- !u!114 &646419374
MonoBehaviour:
  m_ObjectHideFlags: 0
  m_CorrespondingSourceObject: {fileID: 0}
  m_PrefabInstance: {fileID: 0}
  m_PrefabAsset: {fileID: 0}
  m_GameObject: {fileID: 646419372}
  m_Enabled: 1
  m_EditorHideFlags: 0
  m_Script: {fileID: 708705254, guid: f70555f144d8491a825f0804e09c671c, type: 3}
  m_Name: 
  m_EditorClassIdentifier: 
  m_Material: {fileID: 0}
  m_Color: {r: 0.990566, g: 0.97654855, b: 0.97654855, a: 1}
  m_RaycastTarget: 1
  m_OnCullStateChanged:
    m_PersistentCalls:
      m_Calls: []
  m_FontData:
    m_Font: {fileID: 10102, guid: 0000000000000000e000000000000000, type: 0}
    m_FontSize: 24
    m_FontStyle: 0
    m_BestFit: 0
    m_MinSize: 2
    m_MaxSize: 40
    m_Alignment: 4
    m_AlignByGeometry: 0
    m_RichText: 1
    m_HorizontalOverflow: 0
    m_VerticalOverflow: 0
    m_LineSpacing: 1
  m_Text: Win Text
--- !u!222 &646419375
CanvasRenderer:
  m_ObjectHideFlags: 0
  m_CorrespondingSourceObject: {fileID: 0}
  m_PrefabInstance: {fileID: 0}
  m_PrefabAsset: {fileID: 0}
  m_GameObject: {fileID: 646419372}
  m_CullTransparentMesh: 0
--- !u!1 &711005519
GameObject:
  m_ObjectHideFlags: 0
  m_CorrespondingSourceObject: {fileID: 0}
  m_PrefabInstance: {fileID: 0}
  m_PrefabAsset: {fileID: 0}
  serializedVersion: 6
  m_Component:
  - component: {fileID: 711005520}
  - component: {fileID: 711005523}
  - component: {fileID: 711005522}
  - component: {fileID: 711005521}
  m_Layer: 0
  m_Name: North Wall
  m_TagString: Untagged
  m_Icon: {fileID: 0}
  m_NavMeshLayer: 0
  m_StaticEditorFlags: 0
  m_IsActive: 1
--- !u!4 &711005520
Transform:
  m_ObjectHideFlags: 0
  m_CorrespondingSourceObject: {fileID: 0}
  m_PrefabInstance: {fileID: 0}
  m_PrefabAsset: {fileID: 0}
  m_GameObject: {fileID: 711005519}
  m_LocalRotation: {x: -0, y: -0, z: -0, w: 1}
  m_LocalPosition: {x: 0, y: 0, z: 10}
  m_LocalScale: {x: 20.5, y: 2, z: 0.5}
  m_Children: []
  m_Father: {fileID: 1945046175}
  m_RootOrder: 2
  m_LocalEulerAnglesHint: {x: 0, y: 0, z: 0}
--- !u!65 &711005521
BoxCollider:
  m_ObjectHideFlags: 0
  m_CorrespondingSourceObject: {fileID: 0}
  m_PrefabInstance: {fileID: 0}
  m_PrefabAsset: {fileID: 0}
  m_GameObject: {fileID: 711005519}
  m_Material: {fileID: 0}
  m_IsTrigger: 0
  m_Enabled: 1
  serializedVersion: 2
  m_Size: {x: 1, y: 1, z: 1}
  m_Center: {x: 0, y: 0, z: 0}
--- !u!23 &711005522
MeshRenderer:
  m_ObjectHideFlags: 0
  m_CorrespondingSourceObject: {fileID: 0}
  m_PrefabInstance: {fileID: 0}
  m_PrefabAsset: {fileID: 0}
  m_GameObject: {fileID: 711005519}
  m_Enabled: 1
  m_CastShadows: 1
  m_ReceiveShadows: 1
  m_DynamicOccludee: 1
  m_MotionVectors: 1
  m_LightProbeUsage: 1
  m_ReflectionProbeUsage: 1
  m_RenderingLayerMask: 1
  m_RendererPriority: 0
  m_Materials:
  - {fileID: 10303, guid: 0000000000000000f000000000000000, type: 0}
  m_StaticBatchInfo:
    firstSubMesh: 0
    subMeshCount: 0
  m_StaticBatchRoot: {fileID: 0}
  m_ProbeAnchor: {fileID: 0}
  m_LightProbeVolumeOverride: {fileID: 0}
  m_ScaleInLightmap: 1
  m_PreserveUVs: 0
  m_IgnoreNormalsForChartDetection: 0
  m_ImportantGI: 0
  m_StitchLightmapSeams: 0
  m_SelectedEditorRenderState: 3
  m_MinimumChartSize: 4
  m_AutoUVMaxDistance: 0.5
  m_AutoUVMaxAngle: 89
  m_LightmapParameters: {fileID: 0}
  m_SortingLayerID: 0
  m_SortingLayer: 0
  m_SortingOrder: 0
--- !u!33 &711005523
MeshFilter:
  m_ObjectHideFlags: 0
  m_CorrespondingSourceObject: {fileID: 0}
  m_PrefabInstance: {fileID: 0}
  m_PrefabAsset: {fileID: 0}
  m_GameObject: {fileID: 711005519}
  m_Mesh: {fileID: 10202, guid: 0000000000000000e000000000000000, type: 0}
--- !u!4 &741959676 stripped
Transform:
  m_CorrespondingSourceObject: {fileID: 3589131986376374027, guid: ba514dd2cb0f1b04baa412c0cc75c01f,
    type: 3}
  m_PrefabInstance: {fileID: 325208797}
  m_PrefabAsset: {fileID: 0}
--- !u!1 &748447827
GameObject:
  m_ObjectHideFlags: 0
  m_CorrespondingSourceObject: {fileID: 0}
  m_PrefabInstance: {fileID: 0}
  m_PrefabAsset: {fileID: 0}
  serializedVersion: 6
  m_Component:
  - component: {fileID: 748447828}
  - component: {fileID: 748447831}
  - component: {fileID: 748447830}
  - component: {fileID: 748447829}
  m_Layer: 0
  m_Name: West Wall
  m_TagString: Untagged
  m_Icon: {fileID: 0}
  m_NavMeshLayer: 0
  m_StaticEditorFlags: 0
  m_IsActive: 1
--- !u!4 &748447828
Transform:
  m_ObjectHideFlags: 0
  m_CorrespondingSourceObject: {fileID: 0}
  m_PrefabInstance: {fileID: 0}
  m_PrefabAsset: {fileID: 0}
  m_GameObject: {fileID: 748447827}
  m_LocalRotation: {x: -0, y: -0, z: -0, w: 1}
  m_LocalPosition: {x: -10, y: 0, z: 0}
  m_LocalScale: {x: 0.5, y: 2, z: 20.5}
  m_Children: []
  m_Father: {fileID: 1945046175}
  m_RootOrder: 0
  m_LocalEulerAnglesHint: {x: 0, y: 0, z: 0}
--- !u!65 &748447829
BoxCollider:
  m_ObjectHideFlags: 0
  m_CorrespondingSourceObject: {fileID: 0}
  m_PrefabInstance: {fileID: 0}
  m_PrefabAsset: {fileID: 0}
  m_GameObject: {fileID: 748447827}
  m_Material: {fileID: 0}
  m_IsTrigger: 0
  m_Enabled: 1
  serializedVersion: 2
  m_Size: {x: 1, y: 1, z: 1}
  m_Center: {x: 0, y: 0, z: 0}
--- !u!23 &748447830
MeshRenderer:
  m_ObjectHideFlags: 0
  m_CorrespondingSourceObject: {fileID: 0}
  m_PrefabInstance: {fileID: 0}
  m_PrefabAsset: {fileID: 0}
  m_GameObject: {fileID: 748447827}
  m_Enabled: 1
  m_CastShadows: 1
  m_ReceiveShadows: 1
  m_DynamicOccludee: 1
  m_MotionVectors: 1
  m_LightProbeUsage: 1
  m_ReflectionProbeUsage: 1
  m_RenderingLayerMask: 1
  m_RendererPriority: 0
  m_Materials:
  - {fileID: 10303, guid: 0000000000000000f000000000000000, type: 0}
  m_StaticBatchInfo:
    firstSubMesh: 0
    subMeshCount: 0
  m_StaticBatchRoot: {fileID: 0}
  m_ProbeAnchor: {fileID: 0}
  m_LightProbeVolumeOverride: {fileID: 0}
  m_ScaleInLightmap: 1
  m_PreserveUVs: 0
  m_IgnoreNormalsForChartDetection: 0
  m_ImportantGI: 0
  m_StitchLightmapSeams: 0
  m_SelectedEditorRenderState: 3
  m_MinimumChartSize: 4
  m_AutoUVMaxDistance: 0.5
  m_AutoUVMaxAngle: 89
  m_LightmapParameters: {fileID: 0}
  m_SortingLayerID: 0
  m_SortingLayer: 0
  m_SortingOrder: 0
--- !u!33 &748447831
MeshFilter:
  m_ObjectHideFlags: 0
  m_CorrespondingSourceObject: {fileID: 0}
  m_PrefabInstance: {fileID: 0}
  m_PrefabAsset: {fileID: 0}
  m_GameObject: {fileID: 748447827}
  m_Mesh: {fileID: 10202, guid: 0000000000000000e000000000000000, type: 0}
--- !u!1001 &774356233
PrefabInstance:
  m_ObjectHideFlags: 0
  serializedVersion: 2
  m_Modification:
    m_TransformParent: {fileID: 232395617}
    m_Modifications:
    - target: {fileID: 3589131986376374022, guid: ba514dd2cb0f1b04baa412c0cc75c01f,
        type: 3}
      propertyPath: m_Name
      value: Pick Up (3)
      objectReference: {fileID: 0}
    - target: {fileID: 3589131986376374025, guid: ba514dd2cb0f1b04baa412c0cc75c01f,
        type: 3}
      propertyPath: m_Materials.Array.data[0]
      value: 
      objectReference: {fileID: 2100000, guid: 1b25a8dff0be70f4d9309d8631fc9c4c, type: 2}
    - target: {fileID: 3589131986376374027, guid: ba514dd2cb0f1b04baa412c0cc75c01f,
        type: 3}
      propertyPath: m_LocalPosition.x
      value: 5.82
      objectReference: {fileID: 0}
    - target: {fileID: 3589131986376374027, guid: ba514dd2cb0f1b04baa412c0cc75c01f,
        type: 3}
      propertyPath: m_LocalPosition.y
      value: 0.5
      objectReference: {fileID: 0}
    - target: {fileID: 3589131986376374027, guid: ba514dd2cb0f1b04baa412c0cc75c01f,
        type: 3}
      propertyPath: m_LocalPosition.z
      value: -1.59
      objectReference: {fileID: 0}
    - target: {fileID: 3589131986376374027, guid: ba514dd2cb0f1b04baa412c0cc75c01f,
        type: 3}
      propertyPath: m_LocalRotation.x
      value: 0.46193978
      objectReference: {fileID: 0}
    - target: {fileID: 3589131986376374027, guid: ba514dd2cb0f1b04baa412c0cc75c01f,
        type: 3}
      propertyPath: m_LocalRotation.y
      value: 0.19134173
      objectReference: {fileID: 0}
    - target: {fileID: 3589131986376374027, guid: ba514dd2cb0f1b04baa412c0cc75c01f,
        type: 3}
      propertyPath: m_LocalRotation.z
      value: 0.19134173
      objectReference: {fileID: 0}
    - target: {fileID: 3589131986376374027, guid: ba514dd2cb0f1b04baa412c0cc75c01f,
        type: 3}
      propertyPath: m_LocalRotation.w
      value: 0.84462327
      objectReference: {fileID: 0}
    - target: {fileID: 3589131986376374027, guid: ba514dd2cb0f1b04baa412c0cc75c01f,
        type: 3}
      propertyPath: m_RootOrder
      value: 3
      objectReference: {fileID: 0}
    - target: {fileID: 3589131986376374027, guid: ba514dd2cb0f1b04baa412c0cc75c01f,
        type: 3}
      propertyPath: m_LocalEulerAnglesHint.x
      value: 45
      objectReference: {fileID: 0}
    - target: {fileID: 3589131986376374027, guid: ba514dd2cb0f1b04baa412c0cc75c01f,
        type: 3}
      propertyPath: m_LocalEulerAnglesHint.y
      value: 45
      objectReference: {fileID: 0}
    - target: {fileID: 3589131986376374027, guid: ba514dd2cb0f1b04baa412c0cc75c01f,
        type: 3}
      propertyPath: m_LocalEulerAnglesHint.z
      value: 45
      objectReference: {fileID: 0}
    - target: {fileID: 3589131986376374027, guid: ba514dd2cb0f1b04baa412c0cc75c01f,
        type: 3}
      propertyPath: m_LocalScale.y
      value: 0.50000006
      objectReference: {fileID: 0}
    - target: {fileID: 3589131986376374027, guid: ba514dd2cb0f1b04baa412c0cc75c01f,
        type: 3}
      propertyPath: m_LocalScale.z
      value: 0.50000024
      objectReference: {fileID: 0}
    m_RemovedComponents: []
  m_SourcePrefab: {fileID: 100100000, guid: ba514dd2cb0f1b04baa412c0cc75c01f, type: 3}
--- !u!1001 &792319611
PrefabInstance:
  m_ObjectHideFlags: 0
  serializedVersion: 2
  m_Modification:
    m_TransformParent: {fileID: 232395617}
    m_Modifications:
    - target: {fileID: 3589131986376374022, guid: ba514dd2cb0f1b04baa412c0cc75c01f,
        type: 3}
      propertyPath: m_Name
      value: Pick Up (6)
      objectReference: {fileID: 0}
    - target: {fileID: 3589131986376374025, guid: ba514dd2cb0f1b04baa412c0cc75c01f,
        type: 3}
      propertyPath: m_Materials.Array.data[0]
      value: 
      objectReference: {fileID: 2100000, guid: 1b25a8dff0be70f4d9309d8631fc9c4c, type: 2}
    - target: {fileID: 3589131986376374027, guid: ba514dd2cb0f1b04baa412c0cc75c01f,
        type: 3}
      propertyPath: m_LocalPosition.x
      value: -1.41
      objectReference: {fileID: 0}
    - target: {fileID: 3589131986376374027, guid: ba514dd2cb0f1b04baa412c0cc75c01f,
        type: 3}
      propertyPath: m_LocalPosition.y
      value: 0.5
      objectReference: {fileID: 0}
    - target: {fileID: 3589131986376374027, guid: ba514dd2cb0f1b04baa412c0cc75c01f,
        type: 3}
      propertyPath: m_LocalPosition.z
      value: -5.45
      objectReference: {fileID: 0}
    - target: {fileID: 3589131986376374027, guid: ba514dd2cb0f1b04baa412c0cc75c01f,
        type: 3}
      propertyPath: m_LocalRotation.x
      value: 0.46193978
      objectReference: {fileID: 0}
    - target: {fileID: 3589131986376374027, guid: ba514dd2cb0f1b04baa412c0cc75c01f,
        type: 3}
      propertyPath: m_LocalRotation.y
      value: 0.19134173
      objectReference: {fileID: 0}
    - target: {fileID: 3589131986376374027, guid: ba514dd2cb0f1b04baa412c0cc75c01f,
        type: 3}
      propertyPath: m_LocalRotation.z
      value: 0.19134173
      objectReference: {fileID: 0}
    - target: {fileID: 3589131986376374027, guid: ba514dd2cb0f1b04baa412c0cc75c01f,
        type: 3}
      propertyPath: m_LocalRotation.w
      value: 0.84462327
      objectReference: {fileID: 0}
    - target: {fileID: 3589131986376374027, guid: ba514dd2cb0f1b04baa412c0cc75c01f,
        type: 3}
      propertyPath: m_RootOrder
      value: 6
      objectReference: {fileID: 0}
    - target: {fileID: 3589131986376374027, guid: ba514dd2cb0f1b04baa412c0cc75c01f,
        type: 3}
      propertyPath: m_LocalEulerAnglesHint.x
      value: 45
      objectReference: {fileID: 0}
    - target: {fileID: 3589131986376374027, guid: ba514dd2cb0f1b04baa412c0cc75c01f,
        type: 3}
      propertyPath: m_LocalEulerAnglesHint.y
      value: 45
      objectReference: {fileID: 0}
    - target: {fileID: 3589131986376374027, guid: ba514dd2cb0f1b04baa412c0cc75c01f,
        type: 3}
      propertyPath: m_LocalEulerAnglesHint.z
      value: 45
      objectReference: {fileID: 0}
    - target: {fileID: 3589131986376374027, guid: ba514dd2cb0f1b04baa412c0cc75c01f,
        type: 3}
      propertyPath: m_LocalScale.y
      value: 0.50000006
      objectReference: {fileID: 0}
    - target: {fileID: 3589131986376374027, guid: ba514dd2cb0f1b04baa412c0cc75c01f,
        type: 3}
      propertyPath: m_LocalScale.z
      value: 0.50000024
      objectReference: {fileID: 0}
    m_RemovedComponents: []
  m_SourcePrefab: {fileID: 100100000, guid: ba514dd2cb0f1b04baa412c0cc75c01f, type: 3}
--- !u!4 &859970349 stripped
Transform:
  m_CorrespondingSourceObject: {fileID: 3589131986376374027, guid: ba514dd2cb0f1b04baa412c0cc75c01f,
    type: 3}
  m_PrefabInstance: {fileID: 1881892199}
  m_PrefabAsset: {fileID: 0}
--- !u!1 &875436152
GameObject:
  m_ObjectHideFlags: 0
  m_CorrespondingSourceObject: {fileID: 0}
  m_PrefabInstance: {fileID: 0}
  m_PrefabAsset: {fileID: 0}
  serializedVersion: 6
  m_Component:
  - component: {fileID: 875436153}
  - component: {fileID: 875436156}
  - component: {fileID: 875436155}
  - component: {fileID: 875436154}
  m_Layer: 0
  m_Name: South Wall
  m_TagString: Untagged
  m_Icon: {fileID: 0}
  m_NavMeshLayer: 0
  m_StaticEditorFlags: 0
  m_IsActive: 1
--- !u!4 &875436153
Transform:
  m_ObjectHideFlags: 0
  m_CorrespondingSourceObject: {fileID: 0}
  m_PrefabInstance: {fileID: 0}
  m_PrefabAsset: {fileID: 0}
  m_GameObject: {fileID: 875436152}
  m_LocalRotation: {x: -0, y: -0, z: -0, w: 1}
  m_LocalPosition: {x: 0, y: 0, z: -10}
  m_LocalScale: {x: 20.5, y: 2, z: 0.5}
  m_Children: []
  m_Father: {fileID: 1945046175}
  m_RootOrder: 3
  m_LocalEulerAnglesHint: {x: 0, y: 0, z: 0}
--- !u!65 &875436154
BoxCollider:
  m_ObjectHideFlags: 0
  m_CorrespondingSourceObject: {fileID: 0}
  m_PrefabInstance: {fileID: 0}
  m_PrefabAsset: {fileID: 0}
  m_GameObject: {fileID: 875436152}
  m_Material: {fileID: 0}
  m_IsTrigger: 0
  m_Enabled: 1
  serializedVersion: 2
  m_Size: {x: 1, y: 1, z: 1}
  m_Center: {x: 0, y: 0, z: 0}
--- !u!23 &875436155
MeshRenderer:
  m_ObjectHideFlags: 0
  m_CorrespondingSourceObject: {fileID: 0}
  m_PrefabInstance: {fileID: 0}
  m_PrefabAsset: {fileID: 0}
  m_GameObject: {fileID: 875436152}
  m_Enabled: 1
  m_CastShadows: 1
  m_ReceiveShadows: 1
  m_DynamicOccludee: 1
  m_MotionVectors: 1
  m_LightProbeUsage: 1
  m_ReflectionProbeUsage: 1
  m_RenderingLayerMask: 1
  m_RendererPriority: 0
  m_Materials:
  - {fileID: 10303, guid: 0000000000000000f000000000000000, type: 0}
  m_StaticBatchInfo:
    firstSubMesh: 0
    subMeshCount: 0
  m_StaticBatchRoot: {fileID: 0}
  m_ProbeAnchor: {fileID: 0}
  m_LightProbeVolumeOverride: {fileID: 0}
  m_ScaleInLightmap: 1
  m_PreserveUVs: 0
  m_IgnoreNormalsForChartDetection: 0
  m_ImportantGI: 0
  m_StitchLightmapSeams: 0
  m_SelectedEditorRenderState: 3
  m_MinimumChartSize: 4
  m_AutoUVMaxDistance: 0.5
  m_AutoUVMaxAngle: 89
  m_LightmapParameters: {fileID: 0}
  m_SortingLayerID: 0
  m_SortingLayer: 0
  m_SortingOrder: 0
--- !u!33 &875436156
MeshFilter:
  m_ObjectHideFlags: 0
  m_CorrespondingSourceObject: {fileID: 0}
  m_PrefabInstance: {fileID: 0}
  m_PrefabAsset: {fileID: 0}
  m_GameObject: {fileID: 875436152}
  m_Mesh: {fileID: 10202, guid: 0000000000000000e000000000000000, type: 0}
--- !u!1001 &1060591200
PrefabInstance:
  m_ObjectHideFlags: 0
  serializedVersion: 2
  m_Modification:
    m_TransformParent: {fileID: 232395617}
    m_Modifications:
    - target: {fileID: 3589131986376374022, guid: ba514dd2cb0f1b04baa412c0cc75c01f,
        type: 3}
      propertyPath: m_Name
      value: Pick Up (11)
      objectReference: {fileID: 0}
    - target: {fileID: 3589131986376374025, guid: ba514dd2cb0f1b04baa412c0cc75c01f,
        type: 3}
      propertyPath: m_Materials.Array.data[0]
      value: 
      objectReference: {fileID: 2100000, guid: 1b25a8dff0be70f4d9309d8631fc9c4c, type: 2}
    - target: {fileID: 3589131986376374027, guid: ba514dd2cb0f1b04baa412c0cc75c01f,
        type: 3}
      propertyPath: m_LocalPosition.x
      value: -4.35
      objectReference: {fileID: 0}
    - target: {fileID: 3589131986376374027, guid: ba514dd2cb0f1b04baa412c0cc75c01f,
        type: 3}
      propertyPath: m_LocalPosition.y
      value: 0.5
      objectReference: {fileID: 0}
    - target: {fileID: 3589131986376374027, guid: ba514dd2cb0f1b04baa412c0cc75c01f,
        type: 3}
      propertyPath: m_LocalPosition.z
      value: 3.92
      objectReference: {fileID: 0}
    - target: {fileID: 3589131986376374027, guid: ba514dd2cb0f1b04baa412c0cc75c01f,
        type: 3}
      propertyPath: m_LocalRotation.x
      value: 0.46193978
      objectReference: {fileID: 0}
    - target: {fileID: 3589131986376374027, guid: ba514dd2cb0f1b04baa412c0cc75c01f,
        type: 3}
      propertyPath: m_LocalRotation.y
      value: 0.19134173
      objectReference: {fileID: 0}
    - target: {fileID: 3589131986376374027, guid: ba514dd2cb0f1b04baa412c0cc75c01f,
        type: 3}
      propertyPath: m_LocalRotation.z
      value: 0.19134173
      objectReference: {fileID: 0}
    - target: {fileID: 3589131986376374027, guid: ba514dd2cb0f1b04baa412c0cc75c01f,
        type: 3}
      propertyPath: m_LocalRotation.w
      value: 0.84462327
      objectReference: {fileID: 0}
    - target: {fileID: 3589131986376374027, guid: ba514dd2cb0f1b04baa412c0cc75c01f,
        type: 3}
      propertyPath: m_RootOrder
      value: 11
      objectReference: {fileID: 0}
    - target: {fileID: 3589131986376374027, guid: ba514dd2cb0f1b04baa412c0cc75c01f,
        type: 3}
      propertyPath: m_LocalEulerAnglesHint.x
      value: 45
      objectReference: {fileID: 0}
    - target: {fileID: 3589131986376374027, guid: ba514dd2cb0f1b04baa412c0cc75c01f,
        type: 3}
      propertyPath: m_LocalEulerAnglesHint.y
      value: 45
      objectReference: {fileID: 0}
    - target: {fileID: 3589131986376374027, guid: ba514dd2cb0f1b04baa412c0cc75c01f,
        type: 3}
      propertyPath: m_LocalEulerAnglesHint.z
      value: 45
      objectReference: {fileID: 0}
    - target: {fileID: 3589131986376374027, guid: ba514dd2cb0f1b04baa412c0cc75c01f,
        type: 3}
      propertyPath: m_LocalScale.y
      value: 0.50000006
      objectReference: {fileID: 0}
    - target: {fileID: 3589131986376374027, guid: ba514dd2cb0f1b04baa412c0cc75c01f,
        type: 3}
      propertyPath: m_LocalScale.z
      value: 0.50000024
      objectReference: {fileID: 0}
    m_RemovedComponents: []
  m_SourcePrefab: {fileID: 100100000, guid: ba514dd2cb0f1b04baa412c0cc75c01f, type: 3}
--- !u!4 &1103575364 stripped
Transform:
  m_CorrespondingSourceObject: {fileID: 3589131986376374027, guid: ba514dd2cb0f1b04baa412c0cc75c01f,
    type: 3}
  m_PrefabInstance: {fileID: 774356233}
  m_PrefabAsset: {fileID: 0}
--- !u!1001 &1129102375
PrefabInstance:
  m_ObjectHideFlags: 0
  serializedVersion: 2
  m_Modification:
    m_TransformParent: {fileID: 232395617}
    m_Modifications:
    - target: {fileID: 3589131986376374022, guid: ba514dd2cb0f1b04baa412c0cc75c01f,
        type: 3}
      propertyPath: m_Name
      value: Pick Up (7)
      objectReference: {fileID: 0}
    - target: {fileID: 3589131986376374025, guid: ba514dd2cb0f1b04baa412c0cc75c01f,
        type: 3}
      propertyPath: m_Materials.Array.data[0]
      value: 
      objectReference: {fileID: 2100000, guid: 1b25a8dff0be70f4d9309d8631fc9c4c, type: 2}
    - target: {fileID: 3589131986376374027, guid: ba514dd2cb0f1b04baa412c0cc75c01f,
        type: 3}
      propertyPath: m_LocalPosition.x
      value: -4.04
      objectReference: {fileID: 0}
    - target: {fileID: 3589131986376374027, guid: ba514dd2cb0f1b04baa412c0cc75c01f,
        type: 3}
      propertyPath: m_LocalPosition.y
      value: 0.5
      objectReference: {fileID: 0}
    - target: {fileID: 3589131986376374027, guid: ba514dd2cb0f1b04baa412c0cc75c01f,
        type: 3}
      propertyPath: m_LocalPosition.z
      value: -3.79
      objectReference: {fileID: 0}
    - target: {fileID: 3589131986376374027, guid: ba514dd2cb0f1b04baa412c0cc75c01f,
        type: 3}
      propertyPath: m_LocalRotation.x
      value: 0.46193978
      objectReference: {fileID: 0}
    - target: {fileID: 3589131986376374027, guid: ba514dd2cb0f1b04baa412c0cc75c01f,
        type: 3}
      propertyPath: m_LocalRotation.y
      value: 0.19134173
      objectReference: {fileID: 0}
    - target: {fileID: 3589131986376374027, guid: ba514dd2cb0f1b04baa412c0cc75c01f,
        type: 3}
      propertyPath: m_LocalRotation.z
      value: 0.19134173
      objectReference: {fileID: 0}
    - target: {fileID: 3589131986376374027, guid: ba514dd2cb0f1b04baa412c0cc75c01f,
        type: 3}
      propertyPath: m_LocalRotation.w
      value: 0.84462327
      objectReference: {fileID: 0}
    - target: {fileID: 3589131986376374027, guid: ba514dd2cb0f1b04baa412c0cc75c01f,
        type: 3}
      propertyPath: m_RootOrder
      value: 7
      objectReference: {fileID: 0}
    - target: {fileID: 3589131986376374027, guid: ba514dd2cb0f1b04baa412c0cc75c01f,
        type: 3}
      propertyPath: m_LocalEulerAnglesHint.x
      value: 45
      objectReference: {fileID: 0}
    - target: {fileID: 3589131986376374027, guid: ba514dd2cb0f1b04baa412c0cc75c01f,
        type: 3}
      propertyPath: m_LocalEulerAnglesHint.y
      value: 45
      objectReference: {fileID: 0}
    - target: {fileID: 3589131986376374027, guid: ba514dd2cb0f1b04baa412c0cc75c01f,
        type: 3}
      propertyPath: m_LocalEulerAnglesHint.z
      value: 45
      objectReference: {fileID: 0}
    - target: {fileID: 3589131986376374027, guid: ba514dd2cb0f1b04baa412c0cc75c01f,
        type: 3}
      propertyPath: m_LocalScale.y
      value: 0.50000006
      objectReference: {fileID: 0}
    - target: {fileID: 3589131986376374027, guid: ba514dd2cb0f1b04baa412c0cc75c01f,
        type: 3}
      propertyPath: m_LocalScale.z
      value: 0.50000024
      objectReference: {fileID: 0}
    m_RemovedComponents: []
  m_SourcePrefab: {fileID: 100100000, guid: ba514dd2cb0f1b04baa412c0cc75c01f, type: 3}
--- !u!4 &1208320199 stripped
Transform:
  m_CorrespondingSourceObject: {fileID: 3589131986376374027, guid: ba514dd2cb0f1b04baa412c0cc75c01f,
    type: 3}
  m_PrefabInstance: {fileID: 1649706142}
  m_PrefabAsset: {fileID: 0}
--- !u!1001 &1212381653
PrefabInstance:
  m_ObjectHideFlags: 0
  serializedVersion: 2
  m_Modification:
    m_TransformParent: {fileID: 232395617}
    m_Modifications:
    - target: {fileID: 3589131986376374022, guid: ba514dd2cb0f1b04baa412c0cc75c01f,
        type: 3}
      propertyPath: m_Name
      value: Pick Up (8)
      objectReference: {fileID: 0}
    - target: {fileID: 3589131986376374025, guid: ba514dd2cb0f1b04baa412c0cc75c01f,
        type: 3}
      propertyPath: m_Materials.Array.data[0]
      value: 
      objectReference: {fileID: 2100000, guid: 1b25a8dff0be70f4d9309d8631fc9c4c, type: 2}
    - target: {fileID: 3589131986376374027, guid: ba514dd2cb0f1b04baa412c0cc75c01f,
        type: 3}
      propertyPath: m_LocalPosition.x
      value: -5.08
      objectReference: {fileID: 0}
    - target: {fileID: 3589131986376374027, guid: ba514dd2cb0f1b04baa412c0cc75c01f,
        type: 3}
      propertyPath: m_LocalPosition.y
      value: 0.5
      objectReference: {fileID: 0}
    - target: {fileID: 3589131986376374027, guid: ba514dd2cb0f1b04baa412c0cc75c01f,
        type: 3}
      propertyPath: m_LocalPosition.z
      value: -0.79
      objectReference: {fileID: 0}
    - target: {fileID: 3589131986376374027, guid: ba514dd2cb0f1b04baa412c0cc75c01f,
        type: 3}
      propertyPath: m_LocalRotation.x
      value: 0.46193978
      objectReference: {fileID: 0}
    - target: {fileID: 3589131986376374027, guid: ba514dd2cb0f1b04baa412c0cc75c01f,
        type: 3}
      propertyPath: m_LocalRotation.y
      value: 0.19134173
      objectReference: {fileID: 0}
    - target: {fileID: 3589131986376374027, guid: ba514dd2cb0f1b04baa412c0cc75c01f,
        type: 3}
      propertyPath: m_LocalRotation.z
      value: 0.19134173
      objectReference: {fileID: 0}
    - target: {fileID: 3589131986376374027, guid: ba514dd2cb0f1b04baa412c0cc75c01f,
        type: 3}
      propertyPath: m_LocalRotation.w
      value: 0.84462327
      objectReference: {fileID: 0}
    - target: {fileID: 3589131986376374027, guid: ba514dd2cb0f1b04baa412c0cc75c01f,
        type: 3}
      propertyPath: m_RootOrder
      value: 8
      objectReference: {fileID: 0}
    - target: {fileID: 3589131986376374027, guid: ba514dd2cb0f1b04baa412c0cc75c01f,
        type: 3}
      propertyPath: m_LocalEulerAnglesHint.x
      value: 45
      objectReference: {fileID: 0}
    - target: {fileID: 3589131986376374027, guid: ba514dd2cb0f1b04baa412c0cc75c01f,
        type: 3}
      propertyPath: m_LocalEulerAnglesHint.y
      value: 45
      objectReference: {fileID: 0}
    - target: {fileID: 3589131986376374027, guid: ba514dd2cb0f1b04baa412c0cc75c01f,
        type: 3}
      propertyPath: m_LocalEulerAnglesHint.z
      value: 45
      objectReference: {fileID: 0}
    - target: {fileID: 3589131986376374027, guid: ba514dd2cb0f1b04baa412c0cc75c01f,
        type: 3}
      propertyPath: m_LocalScale.y
      value: 0.50000006
      objectReference: {fileID: 0}
    - target: {fileID: 3589131986376374027, guid: ba514dd2cb0f1b04baa412c0cc75c01f,
        type: 3}
      propertyPath: m_LocalScale.z
      value: 0.50000024
      objectReference: {fileID: 0}
    m_RemovedComponents: []
  m_SourcePrefab: {fileID: 100100000, guid: ba514dd2cb0f1b04baa412c0cc75c01f, type: 3}
--- !u!1 &1230566620
GameObject:
  m_ObjectHideFlags: 0
  m_CorrespondingSourceObject: {fileID: 0}
  m_PrefabInstance: {fileID: 0}
  m_PrefabAsset: {fileID: 0}
  serializedVersion: 6
  m_Component:
  - component: {fileID: 1230566621}
  - component: {fileID: 1230566623}
  - component: {fileID: 1230566622}
  m_Layer: 5
  m_Name: Count Text
  m_TagString: Untagged
  m_Icon: {fileID: 0}
  m_NavMeshLayer: 0
  m_StaticEditorFlags: 0
  m_IsActive: 1
--- !u!224 &1230566621
RectTransform:
  m_ObjectHideFlags: 0
  m_CorrespondingSourceObject: {fileID: 0}
  m_PrefabInstance: {fileID: 0}
  m_PrefabAsset: {fileID: 0}
  m_GameObject: {fileID: 1230566620}
  m_LocalRotation: {x: 0, y: 0, z: 0, w: 1}
  m_LocalPosition: {x: 0, y: 0, z: 0}
  m_LocalScale: {x: 1, y: 1, z: 1}
  m_Children: []
  m_Father: {fileID: 411302791}
  m_RootOrder: 0
  m_LocalEulerAnglesHint: {x: 0, y: 0, z: 0}
  m_AnchorMin: {x: 0, y: 1}
  m_AnchorMax: {x: 0, y: 1}
  m_AnchoredPosition: {x: 10, y: -10}
  m_SizeDelta: {x: 160, y: 30}
  m_Pivot: {x: 0, y: 1}
--- !u!114 &1230566622
MonoBehaviour:
  m_ObjectHideFlags: 0
  m_CorrespondingSourceObject: {fileID: 0}
  m_PrefabInstance: {fileID: 0}
  m_PrefabAsset: {fileID: 0}
  m_GameObject: {fileID: 1230566620}
  m_Enabled: 1
  m_EditorHideFlags: 0
  m_Script: {fileID: 708705254, guid: f70555f144d8491a825f0804e09c671c, type: 3}
  m_Name: 
  m_EditorClassIdentifier: 
  m_Material: {fileID: 0}
  m_Color: {r: 1, g: 0.995283, b: 0.995283, a: 1}
  m_RaycastTarget: 1
  m_OnCullStateChanged:
    m_PersistentCalls:
      m_Calls: []
  m_FontData:
    m_Font: {fileID: 10102, guid: 0000000000000000e000000000000000, type: 0}
    m_FontSize: 14
    m_FontStyle: 0
    m_BestFit: 0
    m_MinSize: 10
    m_MaxSize: 40
    m_Alignment: 0
    m_AlignByGeometry: 0
    m_RichText: 1
    m_HorizontalOverflow: 0
    m_VerticalOverflow: 0
    m_LineSpacing: 1
  m_Text: Count Text
--- !u!222 &1230566623
CanvasRenderer:
  m_ObjectHideFlags: 0
  m_CorrespondingSourceObject: {fileID: 0}
  m_PrefabInstance: {fileID: 0}
  m_PrefabAsset: {fileID: 0}
  m_GameObject: {fileID: 1230566620}
  m_CullTransparentMesh: 0
--- !u!1001 &1318049922
PrefabInstance:
  m_ObjectHideFlags: 0
  serializedVersion: 2
  m_Modification:
    m_TransformParent: {fileID: 232395617}
    m_Modifications:
    - target: {fileID: 3589131986376374022, guid: ba514dd2cb0f1b04baa412c0cc75c01f,
        type: 3}
      propertyPath: m_Name
      value: Pick Up (10)
      objectReference: {fileID: 0}
    - target: {fileID: 3589131986376374025, guid: ba514dd2cb0f1b04baa412c0cc75c01f,
        type: 3}
      propertyPath: m_Materials.Array.data[0]
      value: 
      objectReference: {fileID: 2100000, guid: 1b25a8dff0be70f4d9309d8631fc9c4c, type: 2}
    - target: {fileID: 3589131986376374027, guid: ba514dd2cb0f1b04baa412c0cc75c01f,
        type: 3}
      propertyPath: m_LocalPosition.x
      value: -3.12
      objectReference: {fileID: 0}
    - target: {fileID: 3589131986376374027, guid: ba514dd2cb0f1b04baa412c0cc75c01f,
        type: 3}
      propertyPath: m_LocalPosition.y
      value: 0.5
      objectReference: {fileID: 0}
    - target: {fileID: 3589131986376374027, guid: ba514dd2cb0f1b04baa412c0cc75c01f,
        type: 3}
      propertyPath: m_LocalPosition.z
      value: 5.15
      objectReference: {fileID: 0}
    - target: {fileID: 3589131986376374027, guid: ba514dd2cb0f1b04baa412c0cc75c01f,
        type: 3}
      propertyPath: m_LocalRotation.x
      value: 0.46193978
      objectReference: {fileID: 0}
    - target: {fileID: 3589131986376374027, guid: ba514dd2cb0f1b04baa412c0cc75c01f,
        type: 3}
      propertyPath: m_LocalRotation.y
      value: 0.19134173
      objectReference: {fileID: 0}
    - target: {fileID: 3589131986376374027, guid: ba514dd2cb0f1b04baa412c0cc75c01f,
        type: 3}
      propertyPath: m_LocalRotation.z
      value: 0.19134173
      objectReference: {fileID: 0}
    - target: {fileID: 3589131986376374027, guid: ba514dd2cb0f1b04baa412c0cc75c01f,
        type: 3}
      propertyPath: m_LocalRotation.w
      value: 0.84462327
      objectReference: {fileID: 0}
    - target: {fileID: 3589131986376374027, guid: ba514dd2cb0f1b04baa412c0cc75c01f,
        type: 3}
      propertyPath: m_RootOrder
      value: 10
      objectReference: {fileID: 0}
    - target: {fileID: 3589131986376374027, guid: ba514dd2cb0f1b04baa412c0cc75c01f,
        type: 3}
      propertyPath: m_LocalEulerAnglesHint.x
      value: 45
      objectReference: {fileID: 0}
    - target: {fileID: 3589131986376374027, guid: ba514dd2cb0f1b04baa412c0cc75c01f,
        type: 3}
      propertyPath: m_LocalEulerAnglesHint.y
      value: 45
      objectReference: {fileID: 0}
    - target: {fileID: 3589131986376374027, guid: ba514dd2cb0f1b04baa412c0cc75c01f,
        type: 3}
      propertyPath: m_LocalEulerAnglesHint.z
      value: 45
      objectReference: {fileID: 0}
    - target: {fileID: 3589131986376374027, guid: ba514dd2cb0f1b04baa412c0cc75c01f,
        type: 3}
      propertyPath: m_LocalScale.y
      value: 0.50000006
      objectReference: {fileID: 0}
    - target: {fileID: 3589131986376374027, guid: ba514dd2cb0f1b04baa412c0cc75c01f,
        type: 3}
      propertyPath: m_LocalScale.z
      value: 0.50000024
      objectReference: {fileID: 0}
    m_RemovedComponents: []
  m_SourcePrefab: {fileID: 100100000, guid: ba514dd2cb0f1b04baa412c0cc75c01f, type: 3}
--- !u!4 &1339751230 stripped
Transform:
  m_CorrespondingSourceObject: {fileID: 3589131986376374027, guid: ba514dd2cb0f1b04baa412c0cc75c01f,
    type: 3}
  m_PrefabInstance: {fileID: 1129102375}
  m_PrefabAsset: {fileID: 0}
--- !u!1001 &1363688685
PrefabInstance:
  m_ObjectHideFlags: 0
  serializedVersion: 2
  m_Modification:
    m_TransformParent: {fileID: 232395617}
    m_Modifications:
    - target: {fileID: 3589131986376374022, guid: ba514dd2cb0f1b04baa412c0cc75c01f,
        type: 3}
      propertyPath: m_Name
      value: Pick Up (4)
      objectReference: {fileID: 0}
    - target: {fileID: 3589131986376374025, guid: ba514dd2cb0f1b04baa412c0cc75c01f,
        type: 3}
      propertyPath: m_Materials.Array.data[0]
      value: 
      objectReference: {fileID: 2100000, guid: 1b25a8dff0be70f4d9309d8631fc9c4c, type: 2}
    - target: {fileID: 3589131986376374027, guid: ba514dd2cb0f1b04baa412c0cc75c01f,
        type: 3}
      propertyPath: m_LocalPosition.x
      value: 4.72
      objectReference: {fileID: 0}
    - target: {fileID: 3589131986376374027, guid: ba514dd2cb0f1b04baa412c0cc75c01f,
        type: 3}
      propertyPath: m_LocalPosition.y
      value: 0.5
      objectReference: {fileID: 0}
    - target: {fileID: 3589131986376374027, guid: ba514dd2cb0f1b04baa412c0cc75c01f,
        type: 3}
      propertyPath: m_LocalPosition.z
      value: -4.35
      objectReference: {fileID: 0}
    - target: {fileID: 3589131986376374027, guid: ba514dd2cb0f1b04baa412c0cc75c01f,
        type: 3}
      propertyPath: m_LocalRotation.x
      value: 0.46193978
      objectReference: {fileID: 0}
    - target: {fileID: 3589131986376374027, guid: ba514dd2cb0f1b04baa412c0cc75c01f,
        type: 3}
      propertyPath: m_LocalRotation.y
      value: 0.19134173
      objectReference: {fileID: 0}
    - target: {fileID: 3589131986376374027, guid: ba514dd2cb0f1b04baa412c0cc75c01f,
        type: 3}
      propertyPath: m_LocalRotation.z
      value: 0.19134173
      objectReference: {fileID: 0}
    - target: {fileID: 3589131986376374027, guid: ba514dd2cb0f1b04baa412c0cc75c01f,
        type: 3}
      propertyPath: m_LocalRotation.w
      value: 0.84462327
      objectReference: {fileID: 0}
    - target: {fileID: 3589131986376374027, guid: ba514dd2cb0f1b04baa412c0cc75c01f,
        type: 3}
      propertyPath: m_RootOrder
      value: 4
      objectReference: {fileID: 0}
    - target: {fileID: 3589131986376374027, guid: ba514dd2cb0f1b04baa412c0cc75c01f,
        type: 3}
      propertyPath: m_LocalEulerAnglesHint.x
      value: 45
      objectReference: {fileID: 0}
    - target: {fileID: 3589131986376374027, guid: ba514dd2cb0f1b04baa412c0cc75c01f,
        type: 3}
      propertyPath: m_LocalEulerAnglesHint.y
      value: 45
      objectReference: {fileID: 0}
    - target: {fileID: 3589131986376374027, guid: ba514dd2cb0f1b04baa412c0cc75c01f,
        type: 3}
      propertyPath: m_LocalEulerAnglesHint.z
      value: 45
      objectReference: {fileID: 0}
    - target: {fileID: 3589131986376374027, guid: ba514dd2cb0f1b04baa412c0cc75c01f,
        type: 3}
      propertyPath: m_LocalScale.y
      value: 0.50000006
      objectReference: {fileID: 0}
    - target: {fileID: 3589131986376374027, guid: ba514dd2cb0f1b04baa412c0cc75c01f,
        type: 3}
      propertyPath: m_LocalScale.z
      value: 0.50000024
      objectReference: {fileID: 0}
    m_RemovedComponents: []
  m_SourcePrefab: {fileID: 100100000, guid: ba514dd2cb0f1b04baa412c0cc75c01f, type: 3}
--- !u!4 &1383411845 stripped
Transform:
  m_CorrespondingSourceObject: {fileID: 3589131986376374027, guid: ba514dd2cb0f1b04baa412c0cc75c01f,
    type: 3}
  m_PrefabInstance: {fileID: 1318049922}
  m_PrefabAsset: {fileID: 0}
--- !u!4 &1574806795 stripped
Transform:
  m_CorrespondingSourceObject: {fileID: 3589131986376374027, guid: ba514dd2cb0f1b04baa412c0cc75c01f,
    type: 3}
  m_PrefabInstance: {fileID: 3589131987621319168}
  m_PrefabAsset: {fileID: 0}
--- !u!1001 &1649706142
PrefabInstance:
  m_ObjectHideFlags: 0
  serializedVersion: 2
  m_Modification:
    m_TransformParent: {fileID: 232395617}
    m_Modifications:
    - target: {fileID: 3589131986376374022, guid: ba514dd2cb0f1b04baa412c0cc75c01f,
        type: 3}
      propertyPath: m_Name
      value: Pick Up (1)
      objectReference: {fileID: 0}
    - target: {fileID: 3589131986376374025, guid: ba514dd2cb0f1b04baa412c0cc75c01f,
        type: 3}
      propertyPath: m_Materials.Array.data[0]
      value: 
      objectReference: {fileID: 2100000, guid: 1b25a8dff0be70f4d9309d8631fc9c4c, type: 2}
    - target: {fileID: 3589131986376374027, guid: ba514dd2cb0f1b04baa412c0cc75c01f,
        type: 3}
      propertyPath: m_LocalPosition.x
      value: 4.23
      objectReference: {fileID: 0}
    - target: {fileID: 3589131986376374027, guid: ba514dd2cb0f1b04baa412c0cc75c01f,
        type: 3}
      propertyPath: m_LocalPosition.y
      value: 0.5
      objectReference: {fileID: 0}
    - target: {fileID: 3589131986376374027, guid: ba514dd2cb0f1b04baa412c0cc75c01f,
        type: 3}
      propertyPath: m_LocalPosition.z
      value: 5.46
      objectReference: {fileID: 0}
    - target: {fileID: 3589131986376374027, guid: ba514dd2cb0f1b04baa412c0cc75c01f,
        type: 3}
      propertyPath: m_LocalRotation.x
      value: 0.46193978
      objectReference: {fileID: 0}
    - target: {fileID: 3589131986376374027, guid: ba514dd2cb0f1b04baa412c0cc75c01f,
        type: 3}
      propertyPath: m_LocalRotation.y
      value: 0.19134173
      objectReference: {fileID: 0}
    - target: {fileID: 3589131986376374027, guid: ba514dd2cb0f1b04baa412c0cc75c01f,
        type: 3}
      propertyPath: m_LocalRotation.z
      value: 0.19134173
      objectReference: {fileID: 0}
    - target: {fileID: 3589131986376374027, guid: ba514dd2cb0f1b04baa412c0cc75c01f,
        type: 3}
      propertyPath: m_LocalRotation.w
      value: 0.84462327
      objectReference: {fileID: 0}
    - target: {fileID: 3589131986376374027, guid: ba514dd2cb0f1b04baa412c0cc75c01f,
        type: 3}
      propertyPath: m_RootOrder
      value: 1
      objectReference: {fileID: 0}
    - target: {fileID: 3589131986376374027, guid: ba514dd2cb0f1b04baa412c0cc75c01f,
        type: 3}
      propertyPath: m_LocalEulerAnglesHint.x
      value: 45
      objectReference: {fileID: 0}
    - target: {fileID: 3589131986376374027, guid: ba514dd2cb0f1b04baa412c0cc75c01f,
        type: 3}
      propertyPath: m_LocalEulerAnglesHint.y
      value: 45
      objectReference: {fileID: 0}
    - target: {fileID: 3589131986376374027, guid: ba514dd2cb0f1b04baa412c0cc75c01f,
        type: 3}
      propertyPath: m_LocalEulerAnglesHint.z
      value: 45
      objectReference: {fileID: 0}
    - target: {fileID: 3589131986376374027, guid: ba514dd2cb0f1b04baa412c0cc75c01f,
        type: 3}
      propertyPath: m_LocalScale.y
      value: 0.50000006
      objectReference: {fileID: 0}
    - target: {fileID: 3589131986376374027, guid: ba514dd2cb0f1b04baa412c0cc75c01f,
        type: 3}
      propertyPath: m_LocalScale.z
      value: 0.50000024
      objectReference: {fileID: 0}
    m_RemovedComponents: []
  m_SourcePrefab: {fileID: 100100000, guid: ba514dd2cb0f1b04baa412c0cc75c01f, type: 3}
--- !u!4 &1662016001 stripped
Transform:
  m_CorrespondingSourceObject: {fileID: 3589131986376374027, guid: ba514dd2cb0f1b04baa412c0cc75c01f,
    type: 3}
  m_PrefabInstance: {fileID: 792319611}
  m_PrefabAsset: {fileID: 0}
--- !u!1001 &1881892199
PrefabInstance:
  m_ObjectHideFlags: 0
  serializedVersion: 2
  m_Modification:
    m_TransformParent: {fileID: 232395617}
    m_Modifications:
    - target: {fileID: 3589131986376374022, guid: ba514dd2cb0f1b04baa412c0cc75c01f,
        type: 3}
      propertyPath: m_Name
      value: Pick Up (5)
      objectReference: {fileID: 0}
    - target: {fileID: 3589131986376374025, guid: ba514dd2cb0f1b04baa412c0cc75c01f,
        type: 3}
      propertyPath: m_Materials.Array.data[0]
      value: 
      objectReference: {fileID: 2100000, guid: 1b25a8dff0be70f4d9309d8631fc9c4c, type: 2}
    - target: {fileID: 3589131986376374027, guid: ba514dd2cb0f1b04baa412c0cc75c01f,
        type: 3}
      propertyPath: m_LocalPosition.x
      value: 1.9
      objectReference: {fileID: 0}
    - target: {fileID: 3589131986376374027, guid: ba514dd2cb0f1b04baa412c0cc75c01f,
        type: 3}
      propertyPath: m_LocalPosition.y
      value: 0.5
      objectReference: {fileID: 0}
    - target: {fileID: 3589131986376374027, guid: ba514dd2cb0f1b04baa412c0cc75c01f,
        type: 3}
      propertyPath: m_LocalPosition.z
      value: -5.51
      objectReference: {fileID: 0}
    - target: {fileID: 3589131986376374027, guid: ba514dd2cb0f1b04baa412c0cc75c01f,
        type: 3}
      propertyPath: m_LocalRotation.x
      value: 0.46193978
      objectReference: {fileID: 0}
    - target: {fileID: 3589131986376374027, guid: ba514dd2cb0f1b04baa412c0cc75c01f,
        type: 3}
      propertyPath: m_LocalRotation.y
      value: 0.19134173
      objectReference: {fileID: 0}
    - target: {fileID: 3589131986376374027, guid: ba514dd2cb0f1b04baa412c0cc75c01f,
        type: 3}
      propertyPath: m_LocalRotation.z
      value: 0.19134173
      objectReference: {fileID: 0}
    - target: {fileID: 3589131986376374027, guid: ba514dd2cb0f1b04baa412c0cc75c01f,
        type: 3}
      propertyPath: m_LocalRotation.w
      value: 0.84462327
      objectReference: {fileID: 0}
    - target: {fileID: 3589131986376374027, guid: ba514dd2cb0f1b04baa412c0cc75c01f,
        type: 3}
      propertyPath: m_RootOrder
      value: 5
      objectReference: {fileID: 0}
    - target: {fileID: 3589131986376374027, guid: ba514dd2cb0f1b04baa412c0cc75c01f,
        type: 3}
      propertyPath: m_LocalEulerAnglesHint.x
      value: 45
      objectReference: {fileID: 0}
    - target: {fileID: 3589131986376374027, guid: ba514dd2cb0f1b04baa412c0cc75c01f,
        type: 3}
      propertyPath: m_LocalEulerAnglesHint.y
      value: 45
      objectReference: {fileID: 0}
    - target: {fileID: 3589131986376374027, guid: ba514dd2cb0f1b04baa412c0cc75c01f,
        type: 3}
      propertyPath: m_LocalEulerAnglesHint.z
      value: 45
      objectReference: {fileID: 0}
    - target: {fileID: 3589131986376374027, guid: ba514dd2cb0f1b04baa412c0cc75c01f,
        type: 3}
      propertyPath: m_LocalScale.y
      value: 0.50000006
      objectReference: {fileID: 0}
    - target: {fileID: 3589131986376374027, guid: ba514dd2cb0f1b04baa412c0cc75c01f,
        type: 3}
      propertyPath: m_LocalScale.z
      value: 0.50000024
      objectReference: {fileID: 0}
    m_RemovedComponents: []
  m_SourcePrefab: {fileID: 100100000, guid: ba514dd2cb0f1b04baa412c0cc75c01f, type: 3}
--- !u!1 &1945046174
GameObject:
  m_ObjectHideFlags: 0
  m_CorrespondingSourceObject: {fileID: 0}
  m_PrefabInstance: {fileID: 0}
  m_PrefabAsset: {fileID: 0}
  serializedVersion: 6
  m_Component:
  - component: {fileID: 1945046175}
  m_Layer: 0
  m_Name: Walls
  m_TagString: Untagged
  m_Icon: {fileID: 0}
  m_NavMeshLayer: 0
  m_StaticEditorFlags: 0
  m_IsActive: 1
--- !u!4 &1945046175
Transform:
  m_ObjectHideFlags: 0
  m_CorrespondingSourceObject: {fileID: 0}
  m_PrefabInstance: {fileID: 0}
  m_PrefabAsset: {fileID: 0}
  m_GameObject: {fileID: 1945046174}
  m_LocalRotation: {x: 0, y: 0, z: 0, w: 1}
  m_LocalPosition: {x: 0, y: 0, z: 0}
  m_LocalScale: {x: 1, y: 1, z: 1}
  m_Children:
  - {fileID: 748447828}
  - {fileID: 613348562}
  - {fileID: 711005520}
  - {fileID: 875436153}
  m_Father: {fileID: 0}
  m_RootOrder: 4
  m_LocalEulerAnglesHint: {x: 0, y: 0, z: 0}
--- !u!4 &2144515047 stripped
Transform:
  m_CorrespondingSourceObject: {fileID: 3589131986376374027, guid: ba514dd2cb0f1b04baa412c0cc75c01f,
    type: 3}
  m_PrefabInstance: {fileID: 1060591200}
  m_PrefabAsset: {fileID: 0}
--- !u!1001 &3589131987621319168
PrefabInstance:
  m_ObjectHideFlags: 0
  serializedVersion: 2
  m_Modification:
    m_TransformParent: {fileID: 232395617}
    m_Modifications:
    - target: {fileID: 3589131986376374022, guid: ba514dd2cb0f1b04baa412c0cc75c01f,
        type: 3}
      propertyPath: m_Name
      value: Pick Up
      objectReference: {fileID: 0}
    - target: {fileID: 3589131986376374025, guid: ba514dd2cb0f1b04baa412c0cc75c01f,
        type: 3}
      propertyPath: m_Materials.Array.data[0]
      value: 
      objectReference: {fileID: 2100000, guid: 1b25a8dff0be70f4d9309d8631fc9c4c, type: 2}
    - target: {fileID: 3589131986376374027, guid: ba514dd2cb0f1b04baa412c0cc75c01f,
        type: 3}
      propertyPath: m_LocalPosition.x
      value: -0.12
      objectReference: {fileID: 0}
    - target: {fileID: 3589131986376374027, guid: ba514dd2cb0f1b04baa412c0cc75c01f,
        type: 3}
      propertyPath: m_LocalPosition.y
      value: 0.5
      objectReference: {fileID: 0}
    - target: {fileID: 3589131986376374027, guid: ba514dd2cb0f1b04baa412c0cc75c01f,
        type: 3}
      propertyPath: m_LocalPosition.z
      value: 6.56
      objectReference: {fileID: 0}
    - target: {fileID: 3589131986376374027, guid: ba514dd2cb0f1b04baa412c0cc75c01f,
        type: 3}
      propertyPath: m_LocalRotation.x
      value: 0.46193978
      objectReference: {fileID: 0}
    - target: {fileID: 3589131986376374027, guid: ba514dd2cb0f1b04baa412c0cc75c01f,
        type: 3}
      propertyPath: m_LocalRotation.y
      value: 0.19134173
      objectReference: {fileID: 0}
    - target: {fileID: 3589131986376374027, guid: ba514dd2cb0f1b04baa412c0cc75c01f,
        type: 3}
      propertyPath: m_LocalRotation.z
      value: 0.19134173
      objectReference: {fileID: 0}
    - target: {fileID: 3589131986376374027, guid: ba514dd2cb0f1b04baa412c0cc75c01f,
        type: 3}
      propertyPath: m_LocalRotation.w
      value: 0.84462327
      objectReference: {fileID: 0}
    - target: {fileID: 3589131986376374027, guid: ba514dd2cb0f1b04baa412c0cc75c01f,
        type: 3}
      propertyPath: m_RootOrder
      value: 0
      objectReference: {fileID: 0}
    - target: {fileID: 3589131986376374027, guid: ba514dd2cb0f1b04baa412c0cc75c01f,
        type: 3}
      propertyPath: m_LocalEulerAnglesHint.x
      value: 45
      objectReference: {fileID: 0}
    - target: {fileID: 3589131986376374027, guid: ba514dd2cb0f1b04baa412c0cc75c01f,
        type: 3}
      propertyPath: m_LocalEulerAnglesHint.y
      value: 45
      objectReference: {fileID: 0}
    - target: {fileID: 3589131986376374027, guid: ba514dd2cb0f1b04baa412c0cc75c01f,
        type: 3}
      propertyPath: m_LocalEulerAnglesHint.z
      value: 45
      objectReference: {fileID: 0}
    - target: {fileID: 3589131986376374027, guid: ba514dd2cb0f1b04baa412c0cc75c01f,
        type: 3}
      propertyPath: m_LocalScale.y
      value: 0.50000006
      objectReference: {fileID: 0}
    - target: {fileID: 3589131986376374027, guid: ba514dd2cb0f1b04baa412c0cc75c01f,
        type: 3}
      propertyPath: m_LocalScale.z
      value: 0.50000024
      objectReference: {fileID: 0}
    m_RemovedComponents: []
  m_SourcePrefab: {fileID: 100100000, guid: ba514dd2cb0f1b04baa412c0cc75c01f, type: 3}
